<?xml version="1.0" encoding="UTF-8"?>
<record xmlns="http://www.loc.gov/MARC21/slim" xmlns:xsi="http://www.w3.org/2001/XMLSchema-instance" xsi:schemaLocation="http://www.loc.gov/MARC21/slim http://www.loc.gov/standards/marcxml/schema/MARC21slim.xsd">
<leader>     nam a22002530  4500</leader>
<controlfield tag="001">002770152</controlfield>
<controlfield tag="003">NNU</controlfield>
<controlfield tag="005">19940713181853.0</controlfield>
<controlfield tag="008">860703s1979    ir           f000 0 arar</controlfield>
<datafield tag="010" ind1=" " ind2=" ">
<subfield code="a">85930102/NE</subfield>
</datafield>
<datafield tag="035" ind1="9" ind2=" ">
<subfield code="a">NYUb10472361</subfield>
</datafield>
<datafield tag="035" ind1=" " ind2=" ">
<subfield code="a">(CStRLIN)NYUG86-B22946</subfield>
</datafield>
<datafield tag="035" ind1=" " ind2=" ">
<subfield code="a">GLIS004723618</subfield>
</datafield>
<datafield tag="040" ind1=" " ind2=" ">
<subfield code="d">CStRLIN</subfield>
</datafield>
<datafield tag="043" ind1=" " ind2=" ">
<subfield code="a">a-ir---</subfield>
</datafield>
<datafield tag="050" ind1="0" ind2=" ">
<subfield code="a">DS318</subfield>
<subfield code="b">.S18 1979</subfield>
</datafield>
<datafield tag="090" ind1=" " ind2=" ">
<subfield code="a">DS318</subfield>
<subfield code="b">.S18 1979</subfield>
<subfield code="i">07/03/86 CT</subfield>
</datafield>
<datafield tag="100" ind1="1" ind2=" ">
<subfield code="a">Ṣādiq, Ṣaḥib Ḥusayn.</subfield>
</datafield>
<datafield tag="245" ind1="1" ind2="0">
<subfield code="a">Thawrah wa-al-qāʼid /</subfield>
<subfield code="c">Ṣāḥib Ḥusayn al-Ṣādiq.</subfield>
</datafield>
<datafield tag="260" ind1=" " ind2=" ">
<subfield code="a">[Tehran] :</subfield>
<subfield code="b">al-Jumhūrīyah al-Islāmīyah al-Īrānīyah, Wizārat al-Irshād,</subfield>
<subfield code="c">[1979?]</subfield>
</datafield>
<datafield tag="300" ind1=" " ind2=" ">
<subfield code="a">160 p. ;</subfield>
<subfield code="c">21 cm.</subfield>
</datafield>
<datafield tag="600" ind1="1" ind2="0">
<subfield code="a">Khomeini, Ruhollah.</subfield>
</datafield>
<datafield tag="651" ind1=" " ind2="0">
<subfield code="a">Iran</subfield>
<subfield code="x">Politics and government</subfield>
<subfield code="y">1941-1979.</subfield>
</datafield>
<datafield tag="OWN" ind1=" " ind2=" ">
<subfield code="a">GENERAL</subfield>
</datafield>
<datafield tag="950" ind1=" " ind2=" ">
<subfield code="l">BMAIN</subfield>
<subfield code="i">07/03/86 C</subfield>
</datafield>
<datafield tag="955" ind1=" " ind2=" ">
<subfield code="l">BMAIN</subfield>
<subfield code="c">1</subfield>
<subfield code="r">011762989</subfield>
<subfield code="i">07/03/86 C</subfield>
</datafield>
<datafield tag="AVA" ind1=" " ind2=" ">
<subfield code="a">NYU50</subfield>
<subfield code="b">BOBST</subfield>
<subfield code="c">Main Collection</subfield>
<subfield code="d">DS318 .S18 1979</subfield>
<subfield code="e">unavailable</subfield>
<subfield code="t">Unavailable</subfield>
<subfield code="f">1</subfield>
<subfield code="g">1</subfield>
<subfield code="h">N</subfield>
<subfield code="i">0</subfield>
<subfield code="j">MAIN</subfield>
<subfield code="k">0</subfield>
</datafield>
</record>
